@misc{AppPixelBluetoothCanvas,
    author = {Michal Blažek},
    title = {PixelBluetoothCanvas},
    year = {2024},
    url = {https://github.com/MivojBlazek/PixelBluetoothCanvas},
    note = {GitHub repozitář. Aplikace pro zasílání dat na vývojový kit.}
}

@misc{HodnoticiKlic,
    author = {Josef Strnadel},
    title = {Pokyny pro implementaci a dokumentování projektů},
    year = {2024},
    url = {https://www.fit.vut.cz/person/strnadel/public/edu/prjguide_imp_cz.pdf},
    note = {Online zdroj.}
}
