@book{HonzíkJanMaxmilián1991Vkzp,
    abstract = {Z obsahu: Vlastnosti základních datových typů a jejich využití, Modulární výstavba programových systémů, Abstraktní datové struktury, Vyhledávání, Řazení, Dokazování programu.},
    publisher = {VUT v Brně},
    isbn = {80-214-0345-4},
    year = {1991},
    title = {Vybrané kapitoly z programovacích technik},
    edition = {Vyd. 3.},
    address = {Brno},
    author = {Honzík, Jan Maxmilián and Honzík, Jan M.},
    keywords = {programovací jazyky vt; programy ob; výpočetní technika vt; graf a binární strom; mapovací funkce; řazení seznamů},
}
