@inbook{Rybicka2003,
    author = {Jiří RYBIČKA},
    title = {LaTeX pro začátečníky},
    publisher = {Konvoj},
    address = {Brno},
    year = {2003},
    edition = {3},
    ISBN = {80-7302-049-1}
}

@inbook{Kottwitz2011,
    author = {Stefan KOTTWITZ},
    title = {LaTeX Beginner's Guide},
    publisher = {Packt Publishing},
    address = {Birmingham},
    year = {2011},
    ISBN = {978-1847199867}
}

@inbook{Saltz2010,
    author = {Ina SALTZ},
    title = {Základy typografie: 100 principů pro práci s písmem},
    pages = {50},
    publisher = {Slovart (ČR)},
    year = {2010},
    ISBN = {978-80-7391-404-2}
}

@inbook{Huys2023,
    author = {Nicky HUYS},
    title = {Typography for begginers},
    chapter = {Importance of Typography in Communication},
    publisher = {Nicky Huys},
    year = {2023},
}

@inbook{Gratzer2013,
    author = {George GRÄTZER},
    title = {Math into LaTeX},
    chapter = {Text and math},
    publisher = {Birkhäuser Boston},
    year = {2013},
    edition = {3},
    ISBN = {9781461221340}
}

@article{Kafka2017,
    author = {Ondřej KAFKA},
    title = {Font 156},
    journal = {Časopisy},
    pages = {},
    year = {2017},
    ISSN = {1211-4049}
}

@misc{FontgemGuideForBegginers,
    title = {What is Typography? A Guide for Beginners},
    howpublished = {[online]},
    url = {https://www.fontgem.com/what-is-typography}
}

@misc{FontgemWebDesign,
    title = {The Importance of Typography in Web Design},
    howpublished = {[online]},
    url = {https://www.fontgem.com/importance-of-typography-in-web-design}
}

@masterthesis{Jiricek2012,
    author = {Milan JIŘÍČEK},
    title = {Živý font},
    school = {Vysoké učení technické v Brně. Fakulta elektrotechniky a komunikačních technologií. Ústav telekomunikací},
    year = {2012},
    type = {Diplomová práce},
    url = {http://hdl.handle.net/11012/8696}
}

@masterthesis{Bednar2011,
    author = {Peter BEDNÁR},
    title = {Tvorba písma OpenType volně dostupnými softwarovými prostředky},
    school = {Vysoké učení technické v Brně. Fakulta elektrotechniky a komunikačních technologií. Ústav telekomunikací},
    year = {2011},
    type = {Diplomová práce},
    url = {http://hdl.handle.net/11012/5218}
}
