@WEBSITE{michael2024,
  author = {Michael, Michael},
  title = {This is How Much Disneyland Makes a Day—It’s Shocking},
  year = {2024},
  month = {November 1},
  howpublished = {\url{https://www.countdowntomagic.com/how-much-does-disneyland-make-a-day}},
  note = {Countdown to Magic | Plan Your Disney World Vacation!}
}

@WEBSITE{smith2024,
  author = {Smith, B. and Smith, B.},
  title = {34 Advertising Statistics to Know in 2024},
  year = {2024},
  month = {January 14},
  howpublished = {\url{https://www.wordstream.com/blog/ws/2018/07/19/advertising-statistics}},
  note = {WordStream}
}

@article{joo2012,
  author = {Hailey Hayeon Joo and Hyoung-Goo Kang and Jon Moon},
  title = {The Effect of Rain on the Decision to Visit a Theme Park},
  journal = {Asia Pacific Journal of Tourism Research},
  volume = {19},
  number = {},
  pages = {},
  year = {2012},
  month = {September},
  doi = {10.1080/10941665.2012.724020}
}

@WEBSITE{grace2023,
  author = {Grace},
  title = {How Much Does Disneyland Make a Day? The Shocking Figures!},
  year = {2023},
  month = {December 7},
  howpublished = {\url{https://pixiedustandpassports.com/how-much-does-disneyland-make-a-day}},
  note = {Pixie Dust and Passports}
}

@WEBSITE{disney2022,
  author = {{The Walt Disney Company}},
  title = {{THE WALT DISNEY COMPANY REPORTS FOURTH QUARTER and FULL YEAR EARNINGS FOR FISCAL 2022}},
  year = {2022},
  howpublished = {\url{https://thewaltdisneycompany.com/app/uploads/2022/11/q4-fy22-earnings.pdf}},
  note = {In THE WALT DISNEY COMPANY}
}
